<?xml version="1.0" encoding="UTF-8"?>
<collection xmlns:xsi="http://www.w3.org/2001/XMLSchema-instance" xsi:schemaLocation="http://www.loc.gov/MARC21/slim http://www.loc.gov/standards/marcxml/schema/MARC21slim.xsd" xmlns="http://www.loc.gov/MARC21/slim">
<record>
  <leader>01377mam a2200277 a 4500</leader>
  <controlfield tag="001">1861074</controlfield>
  <controlfield tag="003">NNC</controlfield>
  <controlfield tag="005">20160623143651.0</controlfield>
  <controlfield tag="008">850719r19261962iq            000 0 arard</controlfield>
  <datafield tag="035" ind1=" " ind2=" ">
    <subfield code="a">(OCoLC)36264423</subfield>
  </datafield>
  <datafield tag="035" ind1=" " ind2=" ">
    <subfield code="a">(OCoLC)ocm36264423</subfield>
  </datafield>
  <datafield tag="035" ind1=" " ind2=" ">
    <subfield code="9">ALU9113CU</subfield>
  </datafield>
  <datafield tag="035" ind1=" " ind2=" ">
    <subfield code="a">(NNC)1861074</subfield>
  </datafield>
  <datafield tag="040" ind1=" " ind2=" ">
    <subfield code="a">NNC</subfield>
    <subfield code="c">NNC</subfield>
  </datafield>
  <datafield tag="041" ind1="0" ind2=" ">
    <subfield code="a">gerara</subfield>
  </datafield>
  <datafield tag="050" ind1=" " ind2="4">
    <subfield code="a">G93</subfield>
    <subfield code="b">.K48</subfield>
  </datafield>
  <datafield tag="100" ind1="1" ind2=" ">
    <subfield code="a">Khuwārizmī, Muḥammad ibn Mūsá,</subfield>
    <subfield code="d">active 813-846.</subfield>
  </datafield>
  <datafield tag="240" ind1="1" ind2="0">
    <subfield code="a">Ṣūrat al-arḍ.</subfield>
    <subfield code="f">1970</subfield>
  </datafield>
  <datafield tag="245" ind1="1" ind2="0">
    <subfield code="a">Kitāb ṣūrat al-arḍ min al-mudun wa-jibāl wa-al-biḥar wa-al-jazāʾir wa-al-anhār istakhrajahu Abū Jaʻfar Muḥammad ibn Mūsá al-Khuwārizmī min kitāb jughrāfiyā alladhī allafahu bi-Ṭulumiyūs al-Qulūdhī /</subfield>
    <subfield code="c">wa-qad iʻtaná bi-naskhihi wa-taṣḥīḥihi Hāns fūn Mzhīk.</subfield>
  </datafield>
  <datafield tag="260" ind1=" " ind2=" ">
    <subfield code="a">Baghdād :</subfield>
    <subfield code="b">Maṭbaʻah al-Rābiṭah,</subfield>
    <subfield code="c">1962.</subfield>
  </datafield>
  <datafield tag="300" ind1=" " ind2=" ">
    <subfield code="a">163, xxxi p., [5] leaves of plates (some folded) :</subfield>
    <subfield code="b">facsims. ;</subfield>
    <subfield code="c">24 cm.</subfield>
  </datafield>
  <datafield tag="500" ind1=" " ind2=" ">
    <subfield code="a">Title on added t.p.: Das Kitāb ṣūrat al-arḍ des Abū Ǧaʻfar Muḥammad ibn Mūsá al-Ḫuwārizmī.</subfield>
  </datafield>
  <datafield tag="500" ind1=" " ind2=" ">
    <subfield code="a">Facsim. reprint. Originally published: Leipzig: Harrassowitz, 1926. (Bibliothek Arabischer Historiker und Geographen ; 3 Bd.)</subfield>
  </datafield>
  <datafield tag="650" ind1=" " ind2="0">
    <subfield code="a">Geography, Medieval.</subfield>
  </datafield>
  <datafield tag="700" ind1="1" ind2=" ">
    <subfield code="a">Mžik, Hans von,</subfield>
    <subfield code="d">1876-1961.</subfield>
  </datafield>
  <datafield tag="830" ind1=" " ind2="0">
    <subfield code="a">Bibliothek arabischer Historiker und Geographen ;</subfield>
    <subfield code="v">3. Bd.</subfield>
  </datafield>
  <datafield tag="955" ind1=" " ind2=" ">
    <subfield code="b">CU70324743</subfield>
    <subfield code="d">off,glx</subfield>
    <subfield code="e">G93 .K48</subfield>
  </datafield>
</record>
</collection>